@BOOK{Oec22,
    title     = "Parallele und verteilte Anwendungen in Java",
    author    = "Oechsle, Rainer",
    publisher = "Carl Hanser Verlag GmbH \& Co. KG",
    month     =  jun,
    year      =  2022,
    address   = "M{\"u}nchen",
    isbn = {978-3446469198},
}

@BOOK{Oes05,
    title     = "Analyse und Design mit UML 2",
    author    = "Oestereich, Bernd",
    publisher = "Oldenbourg Wissenschaftsverlag GmbH",
    year      =  2005,
    isbn      = {3486576542},
}
